<record xmlns="http://www.loc.gov/MARC21/slim" xmlns:xsi="http://www.w3.org/2001/XMLSchema-instance" xsi:schemaLocation="http://www.loc.gov/MARC21/slim http://www.loc.gov/standards/marcxml/schema/MARC21slim.xsd"><leader>     nam a22        4500</leader><controlfield tag="001">001681782</controlfield><controlfield tag="003">NNU</controlfield><controlfield tag="006">m        d        </controlfield><controlfield tag="007">cr cn |||m|||a</controlfield><controlfield tag="008">150313s1951    ua      o     000 1 ara d</controlfield><datafield ind1=" " ind2=" " tag="040"><subfield code="a">NNU</subfield><subfield code="b">eng</subfield><subfield code="c">NNU</subfield></datafield><datafield ind1=" " ind2="4" tag="050"><subfield code="a">PJ7741.T48</subfield><subfield code="b">S5 1951</subfield></datafield><datafield ind1="1" ind2=" " tag="100"><subfield code="a">Taym&#363;r, Ma&#7717;m&#363;d,</subfield><subfield code="d">1894-1973.</subfield></datafield><datafield ind1="1" ind2="0" tag="245"><subfield code="a">Shab&#257;b wa-gh&#257;niy&#257;t, wa-a&#7731;&#257;&#7779;&#299;&#7779; ukhr&#257;</subfield><subfield code="h">[electronic resource].</subfield></datafield><datafield ind1=" " ind2=" " tag="260"><subfield code="a">[Cairo?]</subfield><subfield code="b">D&#257;r I&#7717;y&#257; al-kutub al-&#699;arab&#299;yya</subfield><subfield code="c">[1951]</subfield></datafield><datafield ind1=" " ind2=" " tag="300"><subfield code="a">online resource (224 p.)</subfield></datafield><datafield ind1=" " ind2=" " tag="500"><subfield code="a">Translation of title: Young men and maidens, and other stories.</subfield></datafield><datafield ind1=" " ind2=" " tag="500"><subfield code="a">Part of the Arabic Collections Online (ACO) project, contributed by New York Univeristy Libraries.</subfield></datafield><datafield ind1=" " ind2=" " tag="533"><subfield code="a">Electronic reproduction.</subfield><subfield code="b">New York, N.Y. :</subfield><subfield code="c">New York University,</subfield><subfield code="d">2015.</subfield><subfield code="5">NNU</subfield></datafield><datafield ind1="2" ind2=" " tag="710"><subfield code="a">New York University.</subfield><subfield code="b">Libraries.</subfield></datafield><datafield ind1="0" ind2=" " tag="730"><subfield code="a">Arabic Collections Online.</subfield></datafield><datafield ind1="0" ind2="8" tag="776"><subfield code="i">Print version:</subfield><subfield code="a">Taym&#363;r, Ma&#7717;m&#363;d, 1894-1973.</subfield><subfield code="t">Shab&#257;b wa-gh&#257;niy&#257;t, wa-a&#7731;&#257;&#7779;&#299;&#7779; ukhr&#257;</subfield><subfield code="w">(NNU)001681782</subfield></datafield><datafield ind1="4" ind2="0" tag="856"><subfield code="u">http://hdl.handle.net/2333.1/ngf1vkzp</subfield></datafield><datafield ind1=" " ind2=" " tag="959"><subfield code="a">NNU</subfield><subfield code="b">WEB</subfield><subfield code="c">GENI</subfield><subfield code="t">0</subfield><subfield code="m">Electronic access</subfield><subfield code="s">01</subfield></datafield><datafield ind1=" " ind2=" " tag="999"><subfield code="i">NNU_001681782</subfield><subfield code="s">nyu_aco000575</subfield><subfield code="e">(ERROR-880)</subfield></datafield></record>